<?xml version="1.0" encoding="UTF-8"?><collection xmlns="http://www.loc.gov/MARC21/slim"><record><leader>00369nam--2200133-i-4500</leader><controlfield tag="001">000028144</controlfield><controlfield tag="002">20161230</controlfield><controlfield tag="005">20161230201037</controlfield><controlfield tag="008">060222s1000------------r-----000-0-eng-d</controlfield><datafield ind1=" " ind2=" " tag="080"><subfield code="a">530.1:530.145</subfield></datafield><datafield ind1=" " ind2=" " tag="245"><subfield code="a">Lehrbuch der mathematischen physik: vol.2: klassische feldtheorie</subfield></datafield><datafield ind1=" " ind2=" " tag="260"><subfield code="a">New York, Springer-verlag, 1977, X + 258p</subfield></datafield><datafield ind1=" " ind2=" " tag="700"><subfield code="a">Thirring, W</subfield></datafield><datafield ind1=" " ind2=" " tag="852"><subfield code="a">46712</subfield></datafield></record></collection>